@Article{hsp2,
   author =       "Blai Bonet and H{\'e}ctor Geffner",
   title =        "Heuristic Search Planner 2.0",
   journal =      "AI Magazine",
   year =         "2001",
   volume =       "22",
   number =       "3",
   pages =        "77--77"
}

@Article{ff,
  author="J{\"o}rg Hoffmann and Bernhard Nebel",
  title="The FF planning system: Fast plan generation through heuristic search",
  journal="Journal of Artificial Intelligence Research",
  year="2001",
  volume="14",
  pages="253--302"
}

@Article{fast,
  author =      "Malte Helmert",
  title = "The fast downward planning system",
  journal = "Journal of Artificial Intelligence Research",
  year="2006",
  volume="26",
  pages="191--246"
}

@Article{bonet,
   author =       "Blai Bonet and H{\'e}ctor Geffner",
   title =        "Planning as Heuristic Search",
   journal =      "Artificial Intelligence",
   year =         "2001",
   volume =       "129",
   number =       "1",
   pages =        "5--33"
}

@InProceedings{main,
   author =       "Yaxin Liu and Sven Koenig and David Furcy",
   title =        "Speeding Up the Calculation of Heuristics for
                   Heuristic Search-Based Planning",
   booktitle =    "Proceedings of the Eighteenth National Conference on
                   Artificial Intelligence ({AAAI} 2002)",
   year =         "2002",
   pages =        "484--491"
}

@Article{swsf,
   author =       "Ganesan Ramalingam and Thomas Reps",
   title =        "An Incremental Algorithm for a Generalization of the Shortest-Path Problem",
   journal =      "Journal of Algorithms",
   year =         "1996",
   volume =       "21",
   number =       "2",
   pages =        "267--305"
}